@book{fujiwara2007spectroscopic,
  author={Fujiwara, H.},
  title={Spectroscopic Ellipsometry: Principles and Applications},
  publisher={Wiley},
  isbn={9780470060186},
  url={https://books.google.dk/books?id=tTMn0NKcpjsC},
  year={2007}
}
@manual{nanocalcmanual,
	title={NanoCalc Software Manual},
	author={Ocean Optics},
	edition={Version 4},
	year={2014}
}
@book{levinechemistry,
	author={Levine, I.},
	title={Physical Chemistry},
    publisher={McGraw-Hill},
    isbn={0070375283},
    year={1995}
}